<?xml version="1.0" encoding="UTF-8"?><collection xmlns="http://www.loc.gov/MARC21/slim"><record><leader>00362nam--2200145-i-4500</leader><controlfield tag="001">000044318</controlfield><controlfield tag="002">20161230</controlfield><controlfield tag="005">20161230201044</controlfield><controlfield tag="008">060222s1000------------r-----000-0-eng-d</controlfield><datafield ind1=" " ind2=" " tag="080"><subfield code="a">530.145</subfield></datafield><datafield ind1=" " ind2=" " tag="100"><subfield code="a">Ter Haar, D</subfield></datafield><datafield ind1=" " ind2=" " tag="245"><subfield code="a">The old quantum theory</subfield></datafield><datafield ind1=" " ind2=" " tag="260"><subfield code="a">Oxford, Permanon Press, 1967, X + 206p</subfield></datafield><datafield ind1=" " ind2=" " tag="490"><subfield code="a">Selected Readings In Physics</subfield></datafield><datafield ind1=" " ind2=" " tag="852"><subfield code="a">25382</subfield></datafield></record></collection>